<?xml version="1.0" encoding="UTF-8"?><record xmlns="http://www.loc.gov/MARC21/slim" xmlns:cinclude="http://apache.org/cocoon/include/1.0" xmlns:zs="http://www.loc.gov/zing/srw/">
  <leader>00529cz  a2200145n  4500</leader>
  <controlfield tag="001">n  00083870 </controlfield>
  <controlfield tag="003">DLC</controlfield>
  <controlfield tag="005">20001215070425.0</controlfield>
  <controlfield tag="008">000129n| acannaabn          |a aaa      </controlfield>
  <datafield tag="010" ind1=" " ind2=" ">
    <subfield code="a">n  00083870 </subfield>
  </datafield>
  <datafield tag="035" ind1=" " ind2=" ">
    <subfield code="a">(OCoLC)oca05144614</subfield>
  </datafield>
  <datafield tag="040" ind1=" " ind2=" ">
    <subfield code="a">DLC</subfield>
    <subfield code="b">eng</subfield>
    <subfield code="c">DLC</subfield>
    <subfield code="d">OCoLC</subfield>
  </datafield>
  <datafield tag="100" ind1="1" ind2=" ">
    <subfield code="a">Trejo Figueroa, José Hugo</subfield>
  </datafield>
  <datafield tag="400" ind1="1" ind2=" ">
    <subfield code="a">Figueroa, José Hugo Trejo</subfield>
  </datafield>
  <datafield tag="670" ind1=" " ind2=" ">
    <subfield code="a">Quintana Roo, 1974-1999, 1998:</subfield>
    <subfield code="b">t.p. (José Hugo Trejo Figueroa) p. 7 (lic. en ciencias de las comunicación, Universidad Nacional Autónoma de México [date not given]).</subfield>
  </datafield>
</record>